@misc{maven,
   title={Apahe Maven Project},
   year={2016},
   month={June},
   howpublished="\url{https://maven.apache.org/}"
}
